<?xml version="1.0" encoding="UTF-8"?>
<marc:record xmlns:marc="http://www.loc.gov/MARC21/slim" xmlns:xsi="http://www.w3.org/2001/XMLSchema-instance" xsi:schemaLocation="http://www.loc.gov/standards/marcxml/schema/MARC21slim.xsd">
  <marc:leader>00000ncc a2200000 u 4500</marc:leader>
  <marc:controlfield tag="001">1001016003</marc:controlfield>
  <marc:controlfield tag="003">DE-633</marc:controlfield>
  <marc:controlfield tag="005">20210128160040.0</marc:controlfield>
  <marc:datafield tag="028" ind1="2" ind2="0">
    <marc:subfield code="a">J. M. 3528.</marc:subfield>
    <marc:subfield code="8">01</marc:subfield>
  </marc:datafield>
  <marc:datafield tag="031" ind1=" " ind2=" ">
    <marc:subfield code="a">1</marc:subfield>
    <marc:subfield code="b">1</marc:subfield>
    <marc:subfield code="c">1</marc:subfield>
    <marc:subfield code="d">Allegro maestoso</marc:subfield>
    <marc:subfield code="g">G-2</marc:subfield>
    <marc:subfield code="m">pf</marc:subfield>
    <marc:subfield code="n">bB</marc:subfield>
    <marc:subfield code="o">3/4</marc:subfield>
    <marc:subfield code="p">'8D3{EFGA}4.B8A+/6.{A3D}3{EFGA}4.B8A+/8A3{DEFGAnBx''C}8D4EE/8{EE}{EE}4E//q'8Dr''8{F6EDt}8{C'BtAxGt/6.{xG3A}8(6{''C'BA};3)8A--''A/</marc:subfield>
    <marc:subfield code="r">d</marc:subfield>
    <marc:subfield code="2">pe</marc:subfield>
  </marc:datafield>
  <marc:datafield tag="040" ind1=" " ind2=" ">
    <marc:subfield code="a">DE-633</marc:subfield>
  </marc:datafield>
  <marc:datafield tag="100" ind1="1" ind2=" ">
    <marc:subfield code="a">Chopin, Fryderyk Franciszek</marc:subfield>
    <marc:subfield code="d">1810-1849</marc:subfield>
    <marc:subfield code="j">Ascertained</marc:subfield>
    <marc:subfield code="0">pe51160</marc:subfield>
  </marc:datafield>
  <marc:datafield tag="240" ind1="1" ind2="0">
    <marc:subfield code="a">Polonaises</marc:subfield>
    <marc:subfield code="m">pf</marc:subfield>
    <marc:subfield code="n">71/1</marc:subfield>
    <marc:subfield code="n">ChomTurC 157</marc:subfield>
    <marc:subfield code="r">d</marc:subfield>
    <marc:subfield code="0">3900011</marc:subfield>
  </marc:datafield>
  <marc:datafield tag="245" ind1="1" ind2="0">
    <marc:subfield code="a">[heading p. 2]: 1|r|e POLONAISE | par | FRÉDÉRIC CHOPIN. | OEuvres posthumes. [space] 6| è|m|e. Livraison N|o. 1. | (1827) | PIANO.</marc:subfield>
  </marc:datafield>
  <marc:datafield tag="260" ind1=" " ind2=" ">
    <marc:subfield code="a">Paris</marc:subfield>
    <marc:subfield code="c">185507--</marc:subfield>
    <marc:subfield code="8">01</marc:subfield>
  </marc:datafield>
  <marc:datafield tag="300" ind1=" " ind2=" ">
    <marc:subfield code="a">1 part</marc:subfield>
    <marc:subfield code="c">33,5 x 26,0 cm</marc:subfield>
    <marc:subfield code="8">01</marc:subfield>
    <marc:subfield code="3"/>
  </marc:datafield>
  <marc:datafield tag="383" ind1=" " ind2=" ">
    <marc:subfield code="b">71/1</marc:subfield>
  </marc:datafield>
  <marc:datafield tag="500" ind1=" " ind2=" ">
    <marc:subfield code="a">As separate edition in the series: „OEUVRES | POSTHUMES | POUR | PIANO | DE | FRÉD. CHOPIN” , Book 6.</marc:subfield>
    <marc:subfield code="8">01</marc:subfield>
    <marc:subfield code="3"/>
  </marc:datafield>
  <marc:datafield tag="500" ind1=" " ind2=" ">
    <marc:subfield code="a">Title page as title of the series: OEUVRES | POSTHUMES | POUR | PIANO | DE | FRÉD. CHOPIN | PUBLIÉS SUR MANUSCRITS ORIGINAUX AVEC AUTORISATION | DE SA FAMILLE | PAR | JULES FONTANA. | [list of Chopin works with prices] | LA COLLECTON COMPLÈTE | PRÉCÉDÉE D'UNE PRÉFACE PAR J. Fontana ET ornée d'un Portrait LITHOGRAPHIÉ PAR RAUNHEIM | Brochée : 20 fr. net – Reliée : 30 fr. net. | Paris, J. MEISSONNIER FILES, éditeur-commissionnaire, 18, rue Dauphine, | PROPRIÉTAIRE POUR LA FRANCE ET LA BELGIQUE. | Berlin, A. M. Schlesinger. [space] Londres, Stationner’s Hall. | Paris - Impr. de L. Martinet, rue Mignon. 2.; publisher oval stamp, inscription in pencil "[VII, 1855]".</marc:subfield>
    <marc:subfield code="8">01</marc:subfield>
    <marc:subfield code="3"/>
  </marc:datafield>
  <marc:datafield tag="500" ind1=" " ind2=" ">
    <marc:subfield code="a">Page 1: blank.</marc:subfield>
    <marc:subfield code="8">01</marc:subfield>
    <marc:subfield code="3"/>
  </marc:datafield>
  <marc:datafield tag="500" ind1=" " ind2=" ">
    <marc:subfield code="a">Plate number on each page: J . M. 3528.</marc:subfield>
    <marc:subfield code="8">01</marc:subfield>
    <marc:subfield code="3"/>
  </marc:datafield>
  <marc:datafield tag="500" ind1=" " ind2=" ">
    <marc:subfield code="a">Page 2, at the bottom: Paris Imp: Bauve 14 rue S|t. Marc.</marc:subfield>
    <marc:subfield code="8">01</marc:subfield>
    <marc:subfield code="3"/>
  </marc:datafield>
  <marc:datafield tag="500" ind1=" " ind2=" ">
    <marc:subfield code="a">Last page of the series: MUSIQUE DE PIANO DIFFICILE. | Extrait du CATALOGUE de J. MEISSONNIER Fils, Éditeur-Commissionnaire, 18, rue Dauphine, à Paris. | [list of works of different composers in three columns].</marc:subfield>
    <marc:subfield code="8">01</marc:subfield>
    <marc:subfield code="3"/>
  </marc:datafield>
  <marc:datafield tag="506" ind1=" " ind2=" ">
    <marc:subfield code="a">Treasury of the Library</marc:subfield>
    <marc:subfield code="3">51023917</marc:subfield>
  </marc:datafield>
  <marc:datafield tag="588" ind1=" " ind2=" ">
    <marc:subfield code="a">PL-Wnifc 4767/n</marc:subfield>
  </marc:datafield>
  <marc:datafield tag="590" ind1=" " ind2=" ">
    <marc:subfield code="a">pf</marc:subfield>
    <marc:subfield code="b">p.9</marc:subfield>
    <marc:subfield code="8">01</marc:subfield>
  </marc:datafield>
  <marc:datafield tag="591" ind1=" " ind2=" ">
    <marc:subfield code="a">4768/n</marc:subfield>
    <marc:subfield code="3">51023917</marc:subfield>
  </marc:datafield>
  <marc:datafield tag="591" ind1=" " ind2=" ">
    <marc:subfield code="a">4769/n</marc:subfield>
    <marc:subfield code="3">51023917</marc:subfield>
  </marc:datafield>
  <marc:datafield tag="593" ind1=" " ind2=" ">
    <marc:subfield code="a">Print</marc:subfield>
    <marc:subfield code="8">01</marc:subfield>
  </marc:datafield>
  <marc:datafield tag="594" ind1=" " ind2=" ">
    <marc:subfield code="b">pf</marc:subfield>
    <marc:subfield code="c">1</marc:subfield>
  </marc:datafield>
  <marc:datafield tag="594" ind1=" " ind2=" ">
    <marc:subfield code="a">pf</marc:subfield>
  </marc:datafield>
  <marc:datafield tag="599" ind1=" " ind2=" ">
    <marc:subfield code="b">full</marc:subfield>
  </marc:datafield>
  <marc:datafield tag="650" ind1="0" ind2="7">
    <marc:subfield code="a">Polonaises</marc:subfield>
    <marc:subfield code="0">25203</marc:subfield>
  </marc:datafield>
  <marc:datafield tag="690" ind1=" " ind2="7">
    <marc:subfield code="a">ChomTurC</marc:subfield>
    <marc:subfield code="n">157</marc:subfield>
    <marc:subfield code="0">lit30000031</marc:subfield>
  </marc:datafield>
  <marc:datafield tag="691" ind1=" " ind2="7">
    <marc:subfield code="a">GrabowskiC 2010</marc:subfield>
    <marc:subfield code="n">71/1-1-MEIf</marc:subfield>
    <marc:subfield code="0">lit30025545</marc:subfield>
    <marc:subfield code="3"/>
  </marc:datafield>
  <marc:datafield tag="700" ind1="1" ind2=" ">
    <marc:subfield code="a">Fontana, Julian</marc:subfield>
    <marc:subfield code="d">1810-1869</marc:subfield>
    <marc:subfield code="0">pe30108218</marc:subfield>
    <marc:subfield code="4">edt</marc:subfield>
    <marc:subfield code="3"/>
  </marc:datafield>
  <marc:datafield tag="710" ind1="2" ind2=" ">
    <marc:subfield code="a">J. Meissonnier et fils</marc:subfield>
    <marc:subfield code="0">ks30080864</marc:subfield>
    <marc:subfield code="4">pbl</marc:subfield>
    <marc:subfield code="3"/>
  </marc:datafield>
  <marc:datafield tag="710" ind1="2" ind2=" ">
    <marc:subfield code="a">Adolph Martin Schlesinger</marc:subfield>
    <marc:subfield code="g">Ascertained</marc:subfield>
    <marc:subfield code="0">ks40009753</marc:subfield>
    <marc:subfield code="4">pbl</marc:subfield>
    <marc:subfield code="3"/>
  </marc:datafield>
  <marc:datafield tag="710" ind1="2" ind2=" ">
    <marc:subfield code="a">Stationers' Company</marc:subfield>
    <marc:subfield code="0">ks51000340</marc:subfield>
    <marc:subfield code="4">oth</marc:subfield>
    <marc:subfield code="3"/>
  </marc:datafield>
  <marc:datafield tag="710" ind1="2" ind2=" ">
    <marc:subfield code="a">Imprimerie de L. Martinet</marc:subfield>
    <marc:subfield code="0">ks51000063</marc:subfield>
    <marc:subfield code="4">prt</marc:subfield>
    <marc:subfield code="3"/>
  </marc:datafield>
  <marc:datafield tag="852" ind1=" " ind2=" ">
    <marc:subfield code="a">PL-Wnifc</marc:subfield>
    <marc:subfield code="b">Biblioteka Narodowego Instytutu Fryderyka Chopina</marc:subfield>
    <marc:subfield code="e">Narodowy Instytut Fryderyka Chopina</marc:subfield>
    <marc:subfield code="x">ks51003139</marc:subfield>
    <marc:subfield code="3">51023917</marc:subfield>
    <marc:subfield code="c">4767/n</marc:subfield>
    <marc:subfield code="p"/>
    <marc:subfield code="q"/>
    <marc:subfield code="u"/>
    <marc:subfield code="z"/>
  </marc:datafield>
  <marc:datafield tag="980" ind1=" " ind2=" ">
    <marc:subfield code="a">RISM</marc:subfield>
    <marc:subfield code="c">examined</marc:subfield>
  </marc:datafield>
</marc:record>
